<record><leader>00000cas a22000007a 4500</leader><controlfield tag="001">21362622</controlfield><controlfield tag="008">900412d18uu18uumauir ne      0    0eng d</controlfield><datafield ind1=" " ind2=" " tag="010"><subfield code="a">sn 89062326 </subfield></datafield><datafield ind1=" " ind2=" " tag="040"><subfield code="a">MGN</subfield><subfield code="b">eng</subfield><subfield code="c">MGN</subfield><subfield code="d">OCLCQ</subfield></datafield><datafield ind1=" " ind2=" " tag="042"><subfield code="a">msc</subfield></datafield><datafield ind1="0" ind2="4" tag="245"><subfield code="a">The Douglas democrat.</subfield></datafield><datafield ind1=" " ind2=" " tag="260"><subfield code="a">Lowell, Mass. :</subfield><subfield code="b">An Association of Democrats</subfield></datafield><datafield ind1=" " ind2=" " tag="300"><subfield code="a">v.</subfield></datafield><datafield ind1=" " ind2=" " tag="310"><subfield code="a">Triweekly</subfield></datafield><datafield ind1=" " ind2=" " tag="588"><subfield code="a">Description based on: Vol. 1, no. 12 (Sept. 14, 1960).</subfield></datafield><datafield ind1=" " ind2=" " tag="752"><subfield code="a">United States</subfield><subfield code="b">Massachusetts</subfield><subfield code="c">Middlesex</subfield><subfield code="d">Lowell.</subfield></datafield></record>